@article{Deal2017,
	author={Thomas J. Deal and Kevin B. Smith},
	title={Reciprocity relationships in vector acoustics and their application to vector field calculations},
	journal={J. Acoust. Soc. Am.},
	volume={142},
	number={2},
	year={2017},
	pages={523-529}
}

@article{Hardin1973,
	author={R. H. Hardin and F. D. Tappert},
	title={Applications of the split-step Fourier method to the numerical solution of nonlinear and variable coefficient wave equations},
	journal={SIAM Rev},
	volume={15},
	year={1973},
	pages={423}
}

@book{Hodges,
	author={Richard P. Hodges},
	title={Underwater Acoustics: Analysis, Design, and Performance of {SONAR}},
	edition={1st},
	publisher={Wiley},
	address={Chichester},
	year={2010}
}

@article{JONSWAP,
	author={K. Hasselmann and T. P. Barnett and E. Buows and H. Carlson and D. E. Cartwright and K. Enke and J. A. Ewing and H. Gienapp and D. E. Hasselmann and P. Kruseman and A. Meerburg and P. M\"{u}ller and D. J. Olbers and K. Richter and W. Sell and H. Walden},
	title={Measurements of wind-wave growth and swell decay during the {Joint North Sea Wave Project (JONSWAP)}},
	journal={Dtsch. Hydrogr. Z.},
	volume={8},
	number={12},
	year={1973},
	pages={95}
}

@book{Mobley,
	author={C. D. Mobley},
	title={Modeling Sea Surfaces: A Tutorial on Fourier Transform Methods},
	edition={2nd},
	publisher={Sequoia Scientific},
	address={Bellevue},
	year={2016}
}

@article{PM,
	author={Willard J. Pierson and Lionel A. Moskowitz},
	title={Proposed Spectral Form for Fully Developed Wind Seas Based on the Similarity Theory of {S. A. Kitaigorodskii}},
	journal={J. Geophys. Res.},
	volume={69},
	year={1964},
	pages={5181-5190}
}

@techreport{Smith1993,
	author={K. B. Smith and F. D. Tappert},
	title={{UMPE}: The University of Miami Parabolic Equation Model, Version 1.0},
	institution={Marine Physical Laboratory},
	number={432},
	year={1993}
}

@article{Smith2001,
	author={Kevin B. Smith},
	title={Convergence, stability, and variability of shallow water acoustic predictions using a split-step {F}ourier parabolic equation model},
	journal={J. Comp. Acoust.},
	volume={9},
	number={1},
	year={2001}
}

@techreport{Smith2007,
	author={Kevin B. Smith and Michael A. Wolfson and A. Vincent {van Leijen}},
	title={Correction to attenuation treatment in the {M}onterey-{M}iami {P}arabolic {E}quation model},
	institution={Naval Postgraduate School},
	number={NPS-PH-07-001},
	year={2007}
}

@article{Smith2008,
	author={Kevin B. Smith},
	title={Validating range-dependent, full-field models of the acoustic vector field in shallow water environments},
	journal={J. Comp. Acoust.},
	volume={16},
	number={4},
	year={2008},
	pages={471-486}
}

@inproceedings{Smith2010,
	author={Kevin B. Smith},
	title={Theory and phenomenology of the acoustic vector field},
	booktitle={20th Annual Congress on Acoustics},
	year={2010}
}

@article{Tappert,
	author={F. D. Tappert and L. Nghiem-Phu}, 
	title={A new split-step {F}ourier algorithm for solving the parabolic wave equation with rough surface scattering},
	journal={J. Acoust. Soc. Am.},
	volume={77},
	number={S101},
	year={1985}
}

@article{Vecherin2011,
	author={Sergey N. Vecherin and D. Keith Wilson and Vladimir E. Ostashev},
	title={Incorporating source directionality into outdoor sound propagation calculations},
	journal={J. Acoust. Soc. Am.},
	volume={130},
	number={6},
	year={2011},
	pages={3608-3622}
}

@article{Zhang1995,
	author={Z. Y. Zhang and C. T. Tindle},
	title={Improved equivalent fluid approximations for a low shear speed ocean bottom},
	journal={J. Acoust. Soc. Am.},
	volume={98},
	number={6},
	year={1995},
	pages={3391-3396}
}